@inproceedings{castro1999practical,
title={Practical Byzantine fault tolerance},
author={Castro, Miguel and Liskov, Barbara and others},
booktitle={OSDI},
volume={99},
number={1999},
pages={173--186},
year={1999}
}
@inproceedings{yin2019hotstuff,
  title={Hotstuff: Bft consensus with linearity and responsiveness},
  author={Yin, Maofan and Malkhi, Dahlia and Reiter, Michael K and Gueta, Guy Golan and Abraham, Ittai},
  booktitle={Proceedings of the 2019 ACM Symposium on Principles of Distributed Computing},
  pages={347--356},
  year={2019}
}
@inproceedings{librabft,
  title={State Machine Replication in the Libra Blockchain},
  author={M. Baudet and A. Ching and A. Chursin and G. Danezis and Fran√ßois Garillot and Z. Li and D. Malkhi and O. Naor and Dmitri Perelman and A. Sonnino},
  year={2019}
}